<record><leader>00000cas a2200000 a 4500</leader><controlfield tag="001">9528645</controlfield><controlfield tag="008">830520d19831985iluwr ne      0   a0eng c</controlfield><datafield ind1=" " ind2=" " tag="010"><subfield code="a">sn 83009328 </subfield></datafield><datafield ind1=" " ind2=" " tag="040"><subfield code="a">NSD</subfield><subfield code="b">eng</subfield><subfield code="c">NSD</subfield><subfield code="d">NVF</subfield><subfield code="d">CVF</subfield><subfield code="d">OCLCQ</subfield><subfield code="d">NVF</subfield><subfield code="d">OCLCF</subfield><subfield code="d">OCLCO</subfield><subfield code="d">NVF</subfield></datafield><datafield ind1=" " ind2=" " tag="012"><subfield code="j">1</subfield><subfield code="m">d</subfield></datafield><datafield ind1="1" ind2=" " tag="022"><subfield code="a">0745-8681</subfield><subfield code="l">0745-8681</subfield><subfield code="2">1</subfield></datafield><datafield ind1=" " ind2=" " tag="042"><subfield code="a">nsdp</subfield><subfield code="a">pcc</subfield></datafield><datafield ind1=" " ind2=" " tag="043"><subfield code="a">n-us-il</subfield></datafield><datafield ind1=" " ind2="0" tag="222"><subfield code="a">Des Plaines times</subfield></datafield><datafield ind1="0" ind2="0" tag="245"><subfield code="a">Des Plaines times.</subfield></datafield><datafield ind1=" " ind2=" " tag="260"><subfield code="a">Des Plaines, Ill.</subfield><subfield code="b">Des Plaines Pub. Co.,</subfield><subfield code="c">1983-1985.</subfield></datafield><datafield ind1=" " ind2=" " tag="300"><subfield code="a">v.</subfield></datafield><datafield ind1=" " ind2=" " tag="310"><subfield code="a">Weekly</subfield></datafield><datafield ind1="0" ind2=" " tag="362"><subfield code="a">Vol. 98, no. 18 (May 5, 1983)-v. 100, no. 48 (Nov. 27, 1985).</subfield></datafield><datafield ind1=" " ind2=" " tag="515"><subfield code="a">Continues the numbering of Des Plaines suburban times.</subfield></datafield><datafield ind1=" " ind2="0" tag="651"><subfield code="a">Des Plaines (Ill.)</subfield><subfield code="v">Newspapers.</subfield></datafield><datafield ind1=" " ind2="7" tag="651"><subfield code="a">Illinois</subfield><subfield code="z">Des Plaines.</subfield><subfield code="2">fast</subfield><subfield code="0">(OCoLC)fst01210719</subfield></datafield><datafield ind1=" " ind2="7" tag="655"><subfield code="a">Newspapers.</subfield><subfield code="2">fast</subfield><subfield code="0">(OCoLC)fst01423814</subfield></datafield><datafield ind1=" " ind2=" " tag="752"><subfield code="a">United States</subfield><subfield code="b">Illinois</subfield><subfield code="c">Cook</subfield><subfield code="d">Des Plaines.</subfield></datafield><datafield ind1="0" ind2="0" tag="780"><subfield code="t">Des Plaines suburban times</subfield><subfield code="w">(DLC)sn 87082518</subfield><subfield code="w">(OCoLC)15377086</subfield></datafield><datafield ind1="0" ind2="0" tag="785"><subfield code="t">Des Plaines edition of the Times</subfield><subfield code="w">(DLC)sn 87001475</subfield><subfield code="w">(OCoLC)16399236</subfield></datafield><datafield ind1="1" ind2=" " tag="029"><subfield code="a">AU@</subfield><subfield code="b">000020274558</subfield></datafield></record>